@Book{ArkadiuszLis,
	author = {Lis A.},
	title = {Metody interakcji z użytkownikiem przy użyciu urządzeń	mobilnych w eksperymentach afektywnych.},
	year = {2019},
	langid = {polish},
}

@Book{EmiliaPieczonka,
	author = {Pieczonka E.},
	title = {Emotion detection with mobile device sensors.},
	year = {2019},
	langid = {english},
}

@article{hung2016predicting,
	title={Predicting negative emotions based on mobile phone usage patterns: an exploratory study},
	author={Hung, Galen Chin-Lun and Yang, Pei-Ching and Chang, Chia-Chi and Chiang, Jung-Hsien and Chen, Ying-Yeh},
	journal={JMIR research protocols},
	volume={5},
	number={3},
	pages={e160},
	year={2016},
	publisher={JMIR Publications Inc., Toronto, Canada}
}

@inproceedings{zhang2011feature,
	title={A feature selection-based framework for human activity recognition using wearable multimodal sensors},
	author={Zhang, Mi and Sawchuk, Alexander A},
	booktitle={Proceedings of the 6th International Conference on Body Area Networks},
	pages={92--98},
	year={2011},
	organization={ICST (Institute for Computer Sciences, Social-Informatics and~…}
}

@inproceedings{dai2010mobile,
	title={Mobile phone based drunk driving detection},
	author={Dai, Jiangpeng and Teng, Jin and Bai, Xiaole and Shen, Zhaohui and Xuan, Dong},
	booktitle={2010 4th International Conference on Pervasive Computing Technologies for Healthcare},
	pages={1--8},
	year={2010},
	organization={IEEE}
}

@article{picard1997affective,
	title={Affective computing MIT press},
	author={Picard, Rosalind W},
	journal={Cambridge, Massachsusetts},
	year={1997}
}

@inproceedings{nalepa2017affective,
	title={Affective Design Patterns in Computer Games. Scrollrunner Case Study.},
	author={Nalepa, Grzegorz J and Gizycka, Barbara and Kutt, Krzysztof and Argasinski, Jan K and Ganzha, M and Maciaszek, L and Paprzycki, M},
	booktitle={FedCSIS Communication Papers},
	pages={345--352},
	year={2017}
}


@manual{heartdroid,
	title = {{Strona www HeaRTDroid}},
	note = {\\\texttt{https://heartdroid.re}},
	langid = {english},
}

@manual{AiWikiHekate,
	title = {{Strona www AI Wiki: HeKatE}},
	note = {\\\texttt{https://ai.ia.agh.edu.pl/hekate:start}},
	langid = {english},
}

@manual{AwareFramework,
	title = {{Strona www AWARE: Open-source Context Instrumentation Framework For Everyone}},
	note = {\\\texttt{https://awareframework.com}},
	langid = {english},
}

@manual{heartaware,
	title = {{Strona www AI Wiki: Plugin HRTD do AWARE}},
	note = {\\\texttt{\url{https://ai.ia.agh.edu.pl/wiki/pl:dydaktyka:wshop:prv:2016:hrtd_plugin:start}}},
	langid = {polish},
}

@manual{azure,
	title = {{Microsoft Azure: Rozpoznawanie twarzy}},
	note = {\\\texttt{\url{https://azure.microsoft.com/pl-pl/services/cognitive-services/face/}}},
	langid = {polish},
}








